@article{hu2004survey,
  title={A survey on visual surveillance of object motion and behaviors},
  author={Hu, Weiming and Tan, Tieniu and Wang, Liang and Maybank, Steve},
  journal={IEEE Transactions on Systems, Man, and Cybernetics, Part C (Applications and Reviews)},
  volume={34},
  number={3},
  pages={334--352},
  year={2004},
  publisher={IEEE}
}

@INPROCEEDINGS{4522480,  
author={Meng Liu and Chengdong Wu and Yunzhou Zhang},  booktitle={2007 IEEE International Conference on Robotics and Biomimetics (ROBIO)},   title={Motion vehicle tracking based on multi-resolution optical flow and multi-scale Harris corner detection},   year={2007},  volume={},  number={},  pages={2032-2036},  doi={10.1109/ROBIO.2007.4522480}}

@article{rodriguez2012real,
  title={A real-time method to detect and track moving objects (DATMO) from unmanned aerial vehicles (UAVs) using a single camera},
  author={Rodr{\'\i}guez-Canosa, Gonzalo R and Thomas, Stephen and Del Cerro, Jaime and Barrientos, Antonio and MacDonald, Bruce},
  journal={Remote Sensing},
  volume={4},
  number={4},
  pages={1090--1111},
  year={2012},
  publisher={Molecular Diversity Preservation International (MDPI)}
  }

  @article{comaniciu2002mean,
  title={Mean shift: A robust approach toward feature space analysis},
  author={Comaniciu, Dorin and Meer, Peter},
  journal={IEEE Transactions on pattern analysis and machine intelligence},
  volume={24},
  number={5},
  pages={603--619},
  year={2002},
  publisher={IEEE}
}

@inproceedings{nouar2006improved,
  title={Improved object tracking with camshift algorithm},
  author={Nouar, O-D and Ali, Ganoun and Rapha{\"e}l, Canals},
  booktitle={2006 IEEE International Conference on Acoustics Speech and Signal Processing Proceedings},
  volume={2},
  pages={II--II},
  year={2006},
  organization={IEEE}
}

@inproceedings{stauffer1999adaptive,
  title={Adaptive background mixture models for real-time tracking},
  author={Stauffer, Chris and Grimson, W Eric L},
  booktitle={Proceedings. 1999 IEEE computer society conference on computer vision and pattern recognition (Cat. No PR00149)},
  volume={2},
  pages={246--252},
  year={1999},
  organization={IEEE}
}

@article{meier1999video,
  title={Video segmentation for content-based coding},
  author={Meier, Thomas and Ngan, King N},
  journal={IEEE transactions on circuits and systems for video technology},
  volume={9},
  number={8},
  pages={1190--1203},
  year={1999},
  publisher={IEEE}
}

@inProceedings{farneback2003,
    author="Farneb{\"a}ck, Gunnar",
    editor="Bigun, Josef
    and Gustavsson, Tomas",
    title="Two-Frame Motion Estimation Based on Polynomial Expansion",
    booktitle="Image Analysis",
    year="2003",
    publisher="Springer Berlin Heidelberg",
    address="Berlin, Heidelberg",
    pages="363--370",
    abstract="This paper presents a novel two-frame motion estimation algorithm. The first step is to approximate each neighborhood of both frames by quadratic polynomials, which can be done efficiently using the polynomial expansion transform. From observing how an exact polynomial transforms under translation a method to estimate displacement fields from the polynomial expansion coefficients is derived and after a series of refinements leads to a robust algorithm. Evaluation on the Yosemite sequence shows good results.",
    isbn="978-3-540-45103-7"
}

@inproceedings{geng2022comparing,
  title={Comparing Correspondences: Video Prediction with Correspondence-wise Losses},
  author={Geng, Daniel and Hamilton, Max and Owens, Andrew},
  booktitle={Proceedings of the IEEE/CVF Conference on Computer Vision and Pattern Recognition},
  pages={3365--3376},
  year={2022}
}
@article{Zhou2022GlobalTT,
  title={Global Tracking Transformers},
  author={Xingyi Zhou and Tianwei Yin and Vladlen Koltun and Phillip Kr{\"a}henb{\"u}hl},
  journal={2022 IEEE/CVF Conference on Computer Vision and Pattern Recognition (CVPR)},
  year={2022},
  pages={8761-8770}
}
@inproceedings{mayer2022transforming,
  title={Transforming model prediction for tracking},
  author={Mayer, Christoph and Danelljan, Martin and Bhat, Goutam and Paul, Matthieu and Paudel, Danda Pani and Yu, Fisher and Van Gool, Luc},
  booktitle={Proceedings of the IEEE/CVF Conference on Computer Vision and Pattern Recognition},
  pages={8731--8740},
  year={2022}
}
@inproceedings{cao2022tctrack,
  title={TCTrack: Temporal Contexts for Aerial Tracking},
  author={Cao, Ziang and Huang, Ziyuan and Pan, Liang and Zhang, Shiwei and Liu, Ziwei and Fu, Changhong},
  booktitle={Proceedings of the IEEE/CVF Conference on Computer Vision and Pattern Recognition},
  pages={14798--14808},
  year={2022}
}
@inproceedings{gu2022stochastic,
  title={Stochastic Trajectory Prediction via Motion Indeterminacy Diffusion},
  author={Gu, Tianpei and Chen, Guangyi and Li, Junlong and Lin, Chunze and Rao, Yongming and Zhou, Jie and Lu, Jiwen},
  booktitle={Proceedings of the IEEE/CVF Conference on Computer Vision and Pattern Recognition},
  pages={17113--17122},
  year={2022}
}
@inproceedings{xu2022adaptive,
  title={Adaptive Trajectory Prediction via Transferable GNN},
  author={Xu, Yi and Wang, Lichen and Wang, Yizhou and Fu, Yun},
  booktitle={Proceedings of the IEEE/CVF Conference on Computer Vision and Pattern Recognition},
  pages={6520--6531},
  year={2022}
}
@inproceedings{liu2022towards,
  title={Towards Robust and Adaptive Motion Forecasting: A Causal Representation Perspective},
  author={Liu, Yuejiang and Cadei, Riccardo and Schweizer, Jonas and Bahmani, Sherwin and Alahi, Alexandre},
  booktitle={Proceedings of the IEEE/CVF Conference on Computer Vision and Pattern Recognition},
  pages={17081--17092},
  year={2022}
}

@article{rad2010vehicle,
    author = {Arash Gholami Rad and Abbas Dehghani and Mohamed Rehan Karim},
    title = {Vehicle speed detection in video image sequences using CVS method},
    journal = {International Journal of the Physical Sciences},
    volume = {5},
    year = {2010},
    number = {17},
    pages = {2555--2563}
}

@inproceedings{shi_and_tomasi,  
    author={Jianbo Shi and Tomasi},  
    booktitle={1994 Proceedings of IEEE Conference on Computer Vision and Pattern Recognition},   
    title={Good features to track},   
    year={1994},  
    volume={}, 
    number={},  
    pages={593-600},  
    doi={10.1109/CVPR.1994.323794}
}
@misc{meanshiftblog1,
  author = {Aditya Mohanty},
  title = {Tracking Object in a Video Using Meanshift Algorithm},
  note = {\url{https://medium.com/swlh/tracking-object-in-a-video-using-meanshift-algorithm-2a8c384a19a6}},
  year = 2020,
}
@misc{meanshiftblog2,
  author = {CSDN},
  title = {Meanshift object tracking},
  note = {\url{https://blog.csdn.net/lk3030/article/details/84108765}},
  year = 2018
}

@inproceedings{Ridder1995AdaptiveBE,
  title={Adaptive Background Estimation and Foreground Detection using Kalman-Filtering},
  author={Christof Ridder and Olaf Munkelt and H. Kirchner},
  year={1995}
}

@inproceedings{bailo2005,  author={Bailo, G. and Bariani, M. and Ijas, P. and Raggio, M.},  booktitle={Proceedings of the 2005 IEEE International Workshop on Measurement Systems for Homeland Security, Contraband Detection and Personal Safety Workshop, 2005. (IMS 2005)},   title={Background estimation with Gaussian distribution for image segmentation, a fast approach},   year={2005},  volume={},  number={},  pages={2-5},  doi={10.1109/MSHS.2005.1502544}}

@inproceedings{shi2002adaptive,
  title={Adaptive Median Filter for Background Generation-A Heuristic Approach},
  author={Shi, P and Jones, EG and Zhu, Q and Arabnia, HR and Mun, Y},
  booktitle={Proceed. Int. Conf. Imaging Sci. Syst. Technol., CISST},
  volume={2},
  number={1},
  pages={173--179},
  year={2002}
}